@ARTICLE{Claydon17,
	author = {{Claydon}, I. and {Gieles}, M. and {Zocchi}, A.},
	title = "{The properties of energetically unbound stars in stellar clusters}",
	journal = {\mnras},
	archivePrefix = "arXiv",
	eprint = {1612.02253},
	primaryClass = "astro-ph.SR",
	keywords = {methods: analytical, methods: numerical, globular clusters: general, galaxies: kinematics and dynamics},
	year = 2017,
	month = may,
	volume = 466,
	pages = {3937-3950},
	doi = {10.1093/mnras/stw3309},
	adsurl = {http://adsabs.harvard.edu/abs/2017MNRAS.466.3937C},
	adsnote = {Provided by the SAO/NASA Astrophysics Data System}
}
